@article{mayor1995jupiter,
  title={A Jupiter-mass companion to a solar-type star},
  author={Mayor, Michel and Queloz, Didier},
  journal={Nature},
  volume={378},
  number={6555},
  pages={355--359},
  year={1995},
  publisher={Nature Publishing Group}
}